<record xmlns="http://www.openarchives.org/OAI/2.0/" xmlns:xsi="http://www.w3.org/2001/XMLSchema-instance"><header><identifier>oai:alma.34CSIC_INST:990012316540204201</identifier><datestamp>2020-02-06T08:41:03Z</datestamp><setSpec>manuscripta</setSpec></header><metadata><record xmlns="http://www.loc.gov/MARC21/slim" xmlns:xsi="http://www.w3.org/2001/XMLSchema-instance" xsi:schemaLocation="http://www.loc.gov/MARC21/slim http://www.loc.gov/standards/marcxml/schema/MARC21slim.xsd"><leader>18738ntm a2200805 i 4500</leader><controlfield tag="005">20181031100352.0</controlfield><controlfield tag="008">100504q1uuu    xx            000 0 ara d</controlfield><controlfield tag="001">990012316540204201</controlfield><datafield tag="035" ind1=" " ind2=" "><subfield code="a">CSIC001231654</subfield></datafield><datafield tag="035" ind1=" " ind2=" "><subfield code="a">(ES-MaCSI)001231654MAD01-Aleph</subfield></datafield><datafield tag="035" ind1=" " ind2=" "><subfield code="a">(OCoLC)1123851353
</subfield></datafield><datafield tag="040" ind1=" " ind2=" "><subfield code="a">ES-MaCSI</subfield><subfield code="b">spa</subfield></datafield><datafield tag="080" ind1=" " ind2=" "><subfield code="a">091(=411.21)</subfield></datafield><datafield tag="080" ind1=" " ind2=" "><subfield code="a">28-587</subfield></datafield><datafield tag="245" ind1="1" ind2="0"><subfield code="a">Dalaʼīl al-jaīrāt [Comentarios]</subfield><subfield code="h">[Manuscrito]</subfield></datafield><datafield tag="260" ind1=" " ind2=" "><subfield code="a">[S.l.],</subfield><subfield code="c">[s.a.].</subfield></datafield><datafield tag="300" ind1=" " ind2=" "><subfield code="a">v. ;</subfield><subfield code="c">cm.</subfield></datafield><datafield tag="490" ind1="0" ind2=" "><subfield code="a">Manuscripta</subfield></datafield><datafield tag="500" ind1=" " ind2=" "><subfield code="a">Signatura antigua: AEEA, caja 28.</subfield></datafield><datafield tag="501" ind1=" " ind2=" "><subfield code="a">[Parte 1]:</subfield></datafield><datafield tag="501" ind1=" " ind2=" "><subfield code="a">Título:مطالع المسرات بجلاء دلائل الخيرات . Maṭāliʽ al-musirrāt bi-ŷalaʼ dalaʼīl al-jaīrāt/ المهدي الفاسي. Al-Mahdī al-Fāsī. -- Lugar de escritura: مدشر تايدة. Madšar tāyda ; Fecha de la copia: 1797 [viernes 29 dū l-qaʽda 1211/26 mayo 1797]. -- 132 de 143 ff. (1 col. 33 líneas por pág.) : Papel tratado, 28,3x19,5 cm. (caja: 21,5x14 cm.).</subfield></datafield><datafield tag="501" ind1=" " ind2=" "><subfield code="a">[cont. Parte 1]:</subfield></datafield><datafield tag="501" ind1=" " ind2=" "><subfield code="a">Incipit: (بعد البسملة وتصلية) قال الشَيخْ الْفقيه الْعالم العلامت العارف بالله سبْحانهُ سيدْ المهدي الفاسى رحمهُ الله ورضى عنه.</subfield></datafield><datafield tag="501" ind1=" " ind2=" "><subfield code="a">Explicit: فصلى الله على سيدنا و مولانا محمد و على بالله وصحبه وسلم تسليما كثيرا على الدوام.</subfield></datafield><datafield tag="501" ind1=" " ind2=" "><subfield code="a">[cont. Parte 1]:</subfield></datafield><datafield tag="501" ind1=" " ind2=" "><subfield code="a">Tinta marrón y roja. -- Copista:محمّد بْن احمد بْن عُمر بن عمر بن احمد بن احمد بن عيسى بن عبْد الوهاب. Muḥammad b. Aḥmad b. ʽUmar b. Umar b. Aḥmad b. Aḥmad b. ʽAīsà b. ʽAbd al-Wahāb.</subfield></datafield><datafield tag="501" ind1=" " ind2=" "><subfield code="a">[cont. Parte 1]:</subfield></datafield><datafield tag="501" ind1=" " ind2=" "><subfield code="a">Colofón: وكان الفراغ من نسخ هذا الكتاب أول وقت العصر من يوم الجمعة التاسع والعشرين من دي القعدة الحرام عام احد عشر ومايتين والف على يد كاتبه لنفسه ثم لمن شاء الله من بعده وعبيد ربه وافقر الورى الى رحمته محمّد بْن احمد بْن عُمر بن عمر بن احمد بن احمد بن عيسى بن عبْد الوهاب نزيل مدشر تايدة من الحرم العلمى [...] الله بالدين والعافية اللهم [...] [...] اشهر انك انت الله الذي لا اله الا انت الواحد الاحد الفرد الصمد الذي لم يلد ولم يولد ولم يكن له كفوا احد [...][...][...].</subfield></datafield><datafield tag="501" ind1=" " ind2=" "><subfield code="a">[cont. Parte 1]:</subfield></datafield><datafield tag="501" ind1=" " ind2=" "><subfield code="a">Características especiales: No. -- Ilustración: No. -- Ilustraciones: Partes del texto en rojo. F.47r: Dibujo esquemático de las tumbas de Muḥammad, Abū Bakr y ʽUmar. -- Tipo de cuaderno: Trece cuadernos de cinco bifolios y dos folios del último cuaderno, de 6 bifolios. -- Deterioros generales: Alguna mancha de humedad. En algunas partes, tinta desvaída que complica la lectura del texto. Encuadernación muy deteriorada. -- H. en blanco: f. 49v en blanco. -- H. dañadas, mutiladas, sueltas: Dañadas: ff.78v-79r y ff.118v-119r con remiendos. ff. 39-71 y ff.125-143: galerías por insectos. f. 131r: mancha de fuego. f. 121-122: insecto pegado en el margen superior. -- H. faltan o añadidas: No. -- Foliación: 1-132: sin foliación original (restos de una posible foliación en f.15v y 25v). Se ha foliado a lápiz en el margen superior izquierdo del recto. -- Reclamos: En el verso de todos los folios. -- Sign. cuaderno: No. -- Pautado: A punta seca. Distancia interlineal: 6 mm. -- Filigrana: -“GENOVA PARODI” (ff. 3-6, 9-10, 12-17, 20, 24, 26, 29-30, 32, 34-35, 38, 40, 61, 63, 69). -“CARTA DI PAULO” (ff. 7, 11, 18, 21-23, 25, 28, 31, 33, 37, 39, 62, 68, 70). -Flor, con la inscripción “PARODI” en la base (ff. 42, 45, 47, 49-51, 54-55, 58-59, 66-67, 73-75, 77, 79-80). -“FABIANI” (ff. 132-134, 137-138). -“AIGO” (ff. 41, 43-44, 46, 49, 52-53, 56-57, 60, 64-65, 71-72, 76, 78). -Escudo coronado, con una cruz en el medio, con dos águilas a los lados, y las iniciales “A”, “G”, “G”, en la parte inferior (ff. 81, 83-84, 91, 104-105, 109-110, 113, 115-116, 119-121, 125, 127, 129, 135, 139,-143). -- Signatura antigua: f.142v: sello azul de la Escuela de Estudios Árabes de Madrid. -AEEA, caja 28.</subfield></datafield><datafield tag="501" ind1=" " ind2=" "><subfield code="a">[cont. Parte 1]:</subfield></datafield><datafield tag="501" ind1=" " ind2=" "><subfield code="a">Anotaciones: Notas marginales contemporáneas a la copia. -f.46v dos líneas escritas en sentido contrario al texto. -f. 1r [nota posterior a la copia]: شرخ على دلايل الخيرات -Varios pliegos sueltos al final del códice con un fragmento de una obra de gramática. -f. 44v: sello azul de la Escuela de Estudios Árabes.</subfield></datafield><datafield tag="501" ind1=" " ind2=" "><subfield code="a">[Parte 2]:</subfield></datafield><datafield tag="501" ind1=" " ind2=" "><subfield code="a">Título: No consta /علي بن عبد الله التوزيني.ʽAlī b. ʽAbd Allāh al-Tūzaynī. -- [S.l.], 1795 [15 rabīʽ al-awwal 1210/29 septiembre 1795]. -- 11 de 143ff. (1 col. 33 líneas por pág.) : Papel tratado ; 28,3x19,5 cm. (caja: 21,5x14 cm.). -- Tinta marrón y roja.</subfield></datafield><datafield tag="501" ind1=" " ind2=" "><subfield code="a">[cont. Parte 2]:</subfield></datafield><datafield tag="501" ind1=" " ind2=" "><subfield code="a">Incipit: [بعد البسملة والتصلية] هذا ما كتب به العبد المزين الضعيف المضطى الى رحمة ربه الحليم اللطيف علي بن عبد الله التوزيني لطف الله به</subfield></datafield><datafield tag="501" ind1=" " ind2=" "><subfield code="a">Explicit: وما توفيقى الا بالله عليْه توكلت واليه [...] وصلى الله على سيدنا محمد وآله وصحبه وثمّ تسليما كثيرا اثيرا طيبا مباركا جميلا جزيلا دائما ابدا مؤبدا الى يوم الدين.</subfield></datafield><datafield tag="501" ind1=" " ind2=" "><subfield code="a">[cont. Parte 2]:</subfield></datafield><datafield tag="501" ind1=" " ind2=" "><subfield code="a">Copista: [محمّد بْن احمد بْن عُمر بن عمر بن احمد بن احمد بن عيسى بن عبْد الوهاب] . [Muḥammad b. Aḥmad b. ʽUmar b. ʽUmar b. Aḥmad b. Aḥmad b. ʽAīsà b. ʽAbd al-Wahāb].</subfield></datafield><datafield tag="501" ind1=" " ind2=" "><subfield code="a">Colofón: وفرغ من تقييده بحمد الله ضحوة يوم الاربعاء الخامس عشر من ربيع الاوَّل عام عشرة وماتين الف على يد مقيده لنفسه ولمن احتاج اليه من ابناء جنسية علي بن عبد الله التوزيني كان الله [...] بمنه وصلى الله على سيدنا محمّد نبيه وعبده وعلى آله وصحبه من بعده وأخر دعوا [...] الحمد الله رب العلمين.</subfield></datafield><datafield tag="501" ind1=" " ind2=" "><subfield code="a">[cont. Parte 2]:</subfield></datafield><datafield tag="501" ind1=" " ind2=" "><subfield code="a">Características especiales: No. -- Ilustración: No. -- Ilustraciones: No. -- Tipo de cuaderno: Diez folios de un cuaderno de 6 bifolios. -- Deterioros generales: Encuadernación muy deteriorada. Algunas galerías por insecto, y manchas de humedad. -- H. en blanco: No. -- H dañadas, mutiladas, sueltas: Mutilada: 143. Dañadas: todas Sueltas: no -- H. faltan o añadidas: No. -- Foliación: 133-143: sin foliación original (restos de una posible foliación en f.15v y 25v). Se ha foliado a lápiz en el margen superior izquierdo del recto. -- Reclamos: En el verso de todos los folios. -- Sign cuad.: No. -- Pautado: A punta seca. Distancia interlineal: 6 mm. -- Filigrana: “FABIANI” (ff. 133-134, 137-138). -Escudo coronado, con una cruz en el medio, con dos águilas a los lados, y las iniciales “A”, “G”, “G”, en la parte inferior (ff. 135, 139,-143). -- Signatura antigua: f.142v: sello azul de la Escuela de Estudios Árabes de Madrid. AEEA, caja 28.1. -- Anotaciones: Notas marginales contemporáneas a la copia. Varios pliegos sueltos al final del códice con un fragmento de una obra de gramática.</subfield></datafield><datafield tag="510" ind1="3" ind2=" "><subfield code="a">Descripción: No. [Parte 1, 2]</subfield></datafield><datafield tag="510" ind1="4" ind2=" "><subfield code="a">Bibliografía: No. [Parte 1, 2]</subfield></datafield><datafield tag="520" ind1=" " ind2=" "><subfield code="a">[Parte 1]: Comentario a la obra Dalāʼil al-jayrāt de Abū ,Al. M. b. S. (ʽAr.) b. a. Bekr al-Guzūlī as-Simlālī, titulada Maṭāliʽ al-musirrāt de ʽAr. b. M. al-Mahdī b. A. b. ʽA. b. Yū. Al-Qaṣawī (GAL, S. II, 360). [Parte 1]</subfield></datafield><datafield tag="520" ind1=" " ind2=" "><subfield code="a">[Parte 2]: Obra de ʽAlī b. ʽAbd Allāh al-Tūzaynī o al-Tuzānī</subfield></datafield><datafield tag="530" ind1=" " ind2=" "><subfield code="a">Digitalizado. [Parte 1, 2]</subfield></datafield><datafield tag="541" ind1=" " ind2=" "><subfield code="a">Procedencia: f.143v: “Donativo del ministro sr. Beigbeder 2-3-1940”. Papel moderno suelto reaprovechado dentro de la caja contenedora: “5 manuscritos árabes y 2 persas por catalogar. Regalo del Ministro sr. Beigbeder”.</subfield><subfield code="d">Ingreso: 02/03/1940. [Parte 1, 2]</subfield></datafield><datafield tag="546" ind1=" " ind2=" "><subfield code="a">Árabe</subfield><subfield code="b">con escritura magrebí. [Parte 1, 2]</subfield></datafield><datafield tag="563" ind1=" " ind2=" "><subfield code="a">Encuadernado en piel sobre cartón. Portadas delantera y trasera: papel pegado escrito en árabe. [Parte 1]</subfield></datafield><datafield tag="563" ind1=" " ind2=" "><subfield code="a">Encuadernado en piel sobre cartón. En las portadas delantera y trasera: papel pegado escrito en árabe. [Parte 2]</subfield></datafield><datafield tag="595" ind1=" " ind2=" "><subfield code="a">No. [Parte 1, 2]</subfield></datafield><datafield tag="650" ind1=" " ind2="7"><subfield code="a">Sufismo.</subfield><subfield code="2">CSICAU</subfield></datafield><datafield tag="650" ind1=" " ind2="7"><subfield code="a">Šarḥ</subfield><subfield code="2">CSICAU</subfield></datafield><datafield tag="650" ind1=" " ind2="7"><subfield code="a">Manuscritos árabes.</subfield><subfield code="2">CSICAU</subfield></datafield><datafield tag="650" ind1=" " ind2="7"><subfield code="a">Islam.</subfield><subfield code="2">CSICAU</subfield></datafield><datafield tag="650" ind1=" " ind2="7"><subfield code="a">Misticismo.</subfield><subfield code="2">CSICAU</subfield></datafield><datafield tag="700" ind1="1" ind2=" "><subfield code="a">Al-Mahdī al-Fāsī</subfield></datafield><datafield tag="700" ind1="1" ind2=" "><subfield code="a">المهدي الفاسي</subfield></datafield><datafield tag="700" ind1="1" ind2=" "><subfield code="a">Muḥammad b. Aḥmad b. ʽUmar b. Umar b. Aḥmad b. Aḥmad b. ʽAīsà b. ʽAbd al-Wahāb.</subfield><subfield code="e">copista</subfield></datafield><datafield tag="700" ind1="1" ind2=" "><subfield code="a">محمّد بْن احمد بْن عُمر بن عمر بن احمد بن احمد بن عيسى بن عبْد الوهاب</subfield></datafield><datafield tag="700" ind1="1" ind2=" "><subfield code="a">ʽAlī b. ʽAbd Allāh al-Tūzaynī</subfield></datafield><datafield tag="700" ind1="1" ind2=" "><subfield code="a">علي بن عبد الله التوزيني</subfield></datafield><datafield tag="700" ind1="1" ind2=" "><subfield code="a">[محمّد بْن احمد بْن عُمر بن عمر بن احمد بن احمد بن عيسى بن عبْد الوهاب]</subfield></datafield><datafield tag="700" ind1="1" ind2=" "><subfield code="a">[Muḥammad b. Aḥmad b. ʽUmar b. ʽUmar b. Aḥmad b. Aḥmad b. ʽAīsà b. ʽAbd al-Wahāb].</subfield><subfield code="e">copista</subfield></datafield><datafield tag="740" ind1="0" ind2=" "><subfield code="a">Maṭāliʽ al-musirrāt bi-ŷalaʼ dalaʼīl al-jaīrāt</subfield></datafield><datafield tag="740" ind1="0" ind2=" "><subfield code="a">مطالع المسرات بجلاء دلائل الخيرات</subfield></datafield><datafield tag="830" ind1=" " ind2="0"><subfield code="a">Manuscripta</subfield></datafield><datafield tag="856" ind1="4" ind2="1"><subfield code="u">http://aleph.csic.es/imagenes/mad01/0006_PMSC/P_001231654_658937_V00.pdf</subfield><subfield code="z">Descargar Pdf completo (54M)</subfield><subfield code="m">CSIC</subfield></datafield><datafield tag="856" ind1="4" ind2="1"><subfield code="u">http://simurg.bibliotecas.csic.es/viewer/image/CSIC001231654/1/</subfield><subfield code="z">Ver texto completo en SIMURG, el portal de fondos digitalizados del CSIC</subfield><subfield code="m">CSIC</subfield></datafield><datafield tag="856" ind1="4" ind2="1"><subfield code="u">http://aleph.csic.es/imagenes/mad01/0006_PMSC/html/001231654.html</subfield><subfield code="z">Ver texto completo en Bookreader</subfield></datafield></record></metadata></record>